[gd_resource type="VisualShader" load_steps=22 format=2]

[sub_resource type="VisualShaderNodeTextureUniform" id=1]
output_port_for_preview = 0
uniform_name = "blockdiffuse"
color_default = 1

[sub_resource type="VisualShaderNodeInput" id=2]
input_name = "uv2"

[sub_resource type="VisualShaderNodeColorOp" id=3]
output_port_for_preview = 0
operator = 4

[sub_resource type="VisualShaderNodeSwitch" id=4]

[sub_resource type="VisualShaderNodeVectorOp" id=5]
operator = 2

[sub_resource type="VisualShaderNodeVectorCompose" id=6]

[sub_resource type="VisualShaderNodeScalarConstant" id=7]
constant = 16.0

[sub_resource type="VisualShaderNodeVectorFunc" id=8]
function = 19

[sub_resource type="VisualShaderNodeVectorDecompose" id=9]

[sub_resource type="VisualShaderNodeScalarOp" id=10]
operator = 2

[sub_resource type="VisualShaderNodeScalarOp" id=11]

[sub_resource type="VisualShaderNodeTexture" id=12]
output_port_for_preview = 0
source = 5
texture_type = 1

[sub_resource type="VisualShaderNodeCompare" id=13]
default_input_values = [ 0, 0.0, 1, 3.0, 2, 1e-05 ]

[sub_resource type="VisualShaderNodeSwitch" id=14]

[sub_resource type="VisualShaderNodeVectorOp" id=15]

[sub_resource type="VisualShaderNodeVectorCompose" id=16]
default_input_values = [ 0, 3.0, 1, 2.0, 2, 0.0 ]

[sub_resource type="VisualShaderNodeVectorOp" id=17]
operator = 3

[sub_resource type="VisualShaderNodeColorOp" id=18]
output_port_for_preview = 0
operator = 4

[sub_resource type="VisualShaderNodeVectorScalarMix" id=19]

[sub_resource type="VisualShaderNodeCompare" id=20]

[sub_resource type="VisualShaderNodeColorUniform" id=21]
uniform_name = "biomecolor"

[resource]
code = "shader_type spatial;
uniform sampler2D blockdiffuse : hint_black;
uniform vec4 biomecolor : hint_color;



void vertex() {
// Output:0

}

void fragment() {
// Input:49
	vec3 n_out49p0 = vec3(UV2, 0.0);

// Scalar:59
	float n_out59p0 = 16.000000;

// VectorCompose:58
	float n_in58p2 = 0.00000;
	vec3 n_out58p0 = vec3(n_out59p0, n_out59p0, n_in58p2);

// VectorOp:57
	vec3 n_out57p0 = n_out49p0 * n_out58p0;

// VectorFunc:60
	vec3 n_out60p0 = floor(n_out57p0);

// VectorDecompose:61
	float n_out61p0 = n_out60p0.x;
	float n_out61p1 = n_out60p0.y;
	float n_out61p2 = n_out60p0.z;

// ScalarOp:62
	float n_out62p0 = n_out61p1 * n_out59p0;

// ScalarOp:63
	float n_out63p0 = n_out61p0 + n_out62p0;

// Compare:67
	float n_in67p1 = 3.00000;
	float n_in67p2 = 0.00001;
	bool n_out67p0 = (abs(n_out63p0 - n_in67p1) < n_in67p2);
// TextureUniform:48
	vec3 n_out48p0;
	float n_out48p1;
	{
		vec4 n_tex_read = texture(blockdiffuse, n_out49p0.xy);
		n_out48p0 = n_tex_read.rgb;
		n_out48p1 = n_tex_read.a;
	}

// VectorCompose:70
	float n_in70p0 = 3.00000;
	float n_in70p1 = 2.00000;
	float n_in70p2 = 0.00000;
	vec3 n_out70p0 = vec3(n_in70p0, n_in70p1, n_in70p2);

// VectorOp:71
	vec3 n_out71p0 = n_out70p0 / vec3(n_out59p0);

// VectorOp:69
	vec3 n_out69p0 = n_out49p0 + n_out71p0;

// Texture:65
	vec3 n_out65p0;
	float n_out65p1;
	{
		vec4 blockdiffuse_tex_read = texture(blockdiffuse, n_out69p0.xy);
		n_out65p0 = blockdiffuse_tex_read.rgb;
		n_out65p1 = blockdiffuse_tex_read.a;
	}

// ColorUniform:76
	vec3 n_out76p0 = biomecolor.rgb;
	float n_out76p1 = biomecolor.a;

// ColorOp:73
	vec3 n_out73p0;
	{
		float base = n_out65p0.x;
		float blend = n_out76p0.x;
		if (base < 0.5) {
			n_out73p0.x = 2.0 * base * blend;
		} else {
			n_out73p0.x = 1.0 - 2.0 * (1.0 - blend) * (1.0 - base);
		}
	}
	{
		float base = n_out65p0.y;
		float blend = n_out76p0.y;
		if (base < 0.5) {
			n_out73p0.y = 2.0 * base * blend;
		} else {
			n_out73p0.y = 1.0 - 2.0 * (1.0 - blend) * (1.0 - base);
		}
	}
	{
		float base = n_out65p0.z;
		float blend = n_out76p0.z;
		if (base < 0.5) {
			n_out73p0.z = 2.0 * base * blend;
		} else {
			n_out73p0.z = 1.0 - 2.0 * (1.0 - blend) * (1.0 - base);
		}
	}

// VectorScalarMix:74
	vec3 n_out74p0 = mix(n_out48p0, n_out73p0, n_out65p1);

// Compare:75
	float n_in75p1 = 0.00000;
	float n_in75p2 = 0.00001;
	bool n_out75p0 = (abs(n_out63p0 - n_in75p1) < n_in75p2);
// ColorOp:55
	vec3 n_out55p0;
	{
		float base = n_out48p0.x;
		float blend = n_out76p0.x;
		if (base < 0.5) {
			n_out55p0.x = 2.0 * base * blend;
		} else {
			n_out55p0.x = 1.0 - 2.0 * (1.0 - blend) * (1.0 - base);
		}
	}
	{
		float base = n_out48p0.y;
		float blend = n_out76p0.y;
		if (base < 0.5) {
			n_out55p0.y = 2.0 * base * blend;
		} else {
			n_out55p0.y = 1.0 - 2.0 * (1.0 - blend) * (1.0 - base);
		}
	}
	{
		float base = n_out48p0.z;
		float blend = n_out76p0.z;
		if (base < 0.5) {
			n_out55p0.z = 2.0 * base * blend;
		} else {
			n_out55p0.z = 1.0 - 2.0 * (1.0 - blend) * (1.0 - base);
		}
	}

// VectorSwitch:56
	vec3 n_out56p0;
	if(n_out75p0)
	{
		n_out56p0 = n_out55p0;
	}
	else
	{
		n_out56p0 = n_out48p0;
	}

// VectorSwitch:68
	vec3 n_out68p0;
	if(n_out67p0)
	{
		n_out68p0 = n_out74p0;
	}
	else
	{
		n_out68p0 = n_out56p0;
	}

// Output:0
	ALBEDO = n_out68p0;

}

void light() {
// Output:0

}
"
nodes/vertex/0/position = Vector2( 640, 200 )
nodes/fragment/0/position = Vector2( 1940, -300 )
nodes/fragment/48/node = SubResource( 1 )
nodes/fragment/48/position = Vector2( 360, -560 )
nodes/fragment/49/node = SubResource( 2 )
nodes/fragment/49/position = Vector2( -600, -180 )
nodes/fragment/55/node = SubResource( 3 )
nodes/fragment/55/position = Vector2( 960, -660 )
nodes/fragment/56/node = SubResource( 4 )
nodes/fragment/56/position = Vector2( 1500, -440 )
nodes/fragment/57/node = SubResource( 5 )
nodes/fragment/57/position = Vector2( -180, 60 )
nodes/fragment/58/node = SubResource( 6 )
nodes/fragment/58/position = Vector2( -380, 120 )
nodes/fragment/59/node = SubResource( 7 )
nodes/fragment/59/position = Vector2( -600, 380 )
nodes/fragment/60/node = SubResource( 8 )
nodes/fragment/60/position = Vector2( -20, 100 )
nodes/fragment/61/node = SubResource( 9 )
nodes/fragment/61/position = Vector2( 160, 100 )
nodes/fragment/62/node = SubResource( 10 )
nodes/fragment/62/position = Vector2( 380, 180 )
nodes/fragment/63/node = SubResource( 11 )
nodes/fragment/63/position = Vector2( 600, 80 )
nodes/fragment/65/node = SubResource( 12 )
nodes/fragment/65/position = Vector2( 700, -260 )
nodes/fragment/67/node = SubResource( 13 )
nodes/fragment/67/position = Vector2( 960, -80 )
nodes/fragment/68/node = SubResource( 14 )
nodes/fragment/68/position = Vector2( 1720, -280 )
nodes/fragment/69/node = SubResource( 15 )
nodes/fragment/69/position = Vector2( 480, -220 )
nodes/fragment/70/node = SubResource( 16 )
nodes/fragment/70/position = Vector2( 60, -140 )
nodes/fragment/71/node = SubResource( 17 )
nodes/fragment/71/position = Vector2( 300, -120 )
nodes/fragment/73/node = SubResource( 18 )
nodes/fragment/73/position = Vector2( 980, -320 )
nodes/fragment/74/node = SubResource( 19 )
nodes/fragment/74/position = Vector2( 1300, -300 )
nodes/fragment/75/node = SubResource( 20 )
nodes/fragment/75/position = Vector2( 1065.62, 150.5 )
nodes/fragment/76/node = SubResource( 21 )
nodes/fragment/76/position = Vector2( 600, -720 )
nodes/fragment/connections = PoolIntArray( 49, 0, 48, 0, 48, 0, 56, 2, 55, 0, 56, 1, 48, 0, 55, 0, 49, 0, 57, 0, 58, 0, 57, 1, 59, 0, 58, 0, 59, 0, 58, 1, 57, 0, 60, 0, 60, 0, 61, 0, 61, 1, 62, 0, 59, 0, 62, 1, 62, 0, 63, 1, 61, 0, 63, 0, 48, 2, 65, 2, 63, 0, 67, 0, 67, 0, 68, 0, 49, 0, 69, 0, 69, 0, 65, 0, 70, 0, 71, 0, 71, 0, 69, 1, 59, 0, 71, 1, 68, 0, 0, 0, 56, 0, 68, 2, 65, 0, 73, 0, 74, 0, 68, 1, 73, 0, 74, 1, 65, 1, 74, 2, 48, 0, 74, 0, 63, 0, 75, 0, 75, 0, 56, 0, 76, 0, 55, 1, 76, 0, 73, 1 )
